<?xml version="1.0" encoding="UTF-8"?><collection xmlns="http://www.loc.gov/MARC21/slim"><record><leader>00322nam--2200121-i-4500</leader><controlfield tag="001">000018570</controlfield><controlfield tag="002">20161230</controlfield><controlfield tag="005">20161230201032</controlfield><controlfield tag="008">060222s1000------------r-----000-0-eng-d</controlfield><datafield ind1=" " ind2=" " tag="100"><subfield code="a">Foster, L.S., Weaver E.C</subfield></datafield><datafield ind1=" " ind2=" " tag="245"><subfield code="a">Chemistry for our times</subfield></datafield><datafield ind1=" " ind2=" " tag="260"><subfield code="a">New York, Mcgraw-hill Book Co,Inc., 1960. Vi + 666  P</subfield></datafield><datafield ind1=" " ind2=" " tag="852"><subfield code="a">17524</subfield></datafield></record></collection>